@article{lin2013network,
  title={Network in network},
  author={Lin, Min and Chen, Qiang and Yan, Shuicheng},
  journal={arXiv preprint arXiv:1312.4400},
  year={2013}
}

@inproceedings{yao2011human,
  title={Human action recognition by learning bases of action attributes and parts},
  author={Yao, Bangpeng and Jiang, Xiaoye and Khosla, Aditya and Lin, Andy Lai and Guibas, Leonidas and Fei-Fei, Li},
  booktitle={Computer Vision (ICCV), 2011 IEEE International Conference on},
  pages={1331--1338},
  year={2011},
  organization={IEEE}
}

@inproceedings{zhou2016learning,
  title={Learning deep features for discriminative localization},
  author={Zhou, Bolei and Khosla, Aditya and Lapedriza, Agata and Oliva, Aude and Torralba, Antonio},
  booktitle={Proceedings of the IEEE Conference on Computer Vision and Pattern Recognition},
  pages={2921--2929},
  year={2016}
}

@article{lecun1998gradient,
  title={Gradient-based learning applied to document recognition},
  author={LeCun, Yann and Bottou, L{\'e}on and Bengio, Yoshua and Haffner, Patrick},
  journal={Proceedings of the IEEE},
  volume={86},
  number={11},
  pages={2278--2324},
  year={1998},
  publisher={IEEE}
}

@article{simonyan2013deep,
  title={Deep inside convolutional networks: Visualising image classification models and saliency maps},
  author={Simonyan, Karen and Vedaldi, Andrea and Zisserman, Andrew},
  journal={arXiv preprint arXiv:1312.6034},
  year={2013}
}

@article{lecun1998gradient,
  title={Gradient-based learning applied to document recognition},
  author={LeCun, Yann and Bottou, L{\'e}on and Bengio, Yoshua and Haffner, Patrick},
  journal={Proceedings of the IEEE},
  volume={86},
  number={11},
  pages={2278--2324},
  year={1998},
  publisher={IEEE}
}

@article{simonyan2014very,
  title={Very deep convolutional networks for large-scale image recognition},
  author={Simonyan, Karen and Zisserman, Andrew},
  journal={arXiv preprint arXiv:1409.1556},
  year={2014}
}

