@article{ILSVRC15,
Author = {Olga Russakovsky and Jia Deng and Hao Su and Jonathan Krause and Sanjeev Satheesh and Sean Ma and Zhiheng Huang and Andrej Karpathy and Aditya Khosla and Michael Bernstein and Alexander C. Berg and Li Fei-Fei},
Title = {{ImageNet Large Scale Visual Recognition Challenge}},
Year = {2015},
journal   = {International Journal of Computer Vision (IJCV)},
doi = {10.1007/s11263-015-0816-y},
volume={115},
number={3},
pages={211-252}
}

@inproceedings{zanfir2013moving,
  title={The moving pose: An efficient 3d kinematics descriptor for low-latency action recognition and detection},
  author={Zanfir, Mihai and Leordeanu, Marius and Sminchisescu, Cristian},
  booktitle={Proceedings of the IEEE International Conference on Computer Vision},
  pages={2752--2759},
  year={2013}
}