# Competition

@misc{THUMOS14,
   author = "Jiang, Y.-G. and Liu, J. and Roshan Zamir, A. and Toderici, G. and Laptev,
   I. and Shah, M. and Sukthankar, R.",
   title = "{THUMOS} Challenge: Action Recognition with a Large
   Number of Classes",
   howpublished = "\url{http://crcv.ucf.edu/THUMOS14/}",
   Year = {2014}}


@misc{THUMOS15,
   author = "Gorban, A. and Idrees, H. and Jiang, Y.-G. and Roshan Zamir, A. and Laptev,
   I. and Shah, M. and Sukthankar, R.",
   title = "{THUMOS} Challenge: Action Recognition with a Large
   Number of Classes",
   howpublished = "\url{http://www.thumos.info/}",
   Year = {2015}}





# Elec papers
@inproceedings{kwon2014complexity,
  title={Complexity-based motion features and their applications to action recognition by hierarchical spatio-temporal na{\"\i}ve Bayes classifier},
  author={Kwon, Woo Young and Suh, Il Hong},
  booktitle={Intelligent Robots and Systems (IROS 2014), 2014 IEEE/RSJ International Conference on},
  pages={3141--3148},
  year={2014},
  organization={IEEE}
}

@article{bialek2001predictability,
  title={Predictability, complexity, and learning},
  author={Bialek, William and Nemenman, Ilya and Tishby, Naftali},
  journal={Neural computation},
  volume={13},
  number={11},
  pages={2409--2463},
  year={2001},
  publisher={MIT Press}
}

@inproceedings{ramirez2014automatic,
  title={Automatic segmentation and recognition of human activities from observation based on semantic reasoning},
  author={Ramirez-Amaro, Karinne and Beetz, Michael and Cheng, Gordon},
  booktitle={Intelligent Robots and Systems (IROS 2014), 2014 IEEE/RSJ International Conference on},
  pages={5043--5048},
  year={2014},
  organization={IEEE}
}

@inproceedings{pieropan2014audio,
  title={Audio-visual classification and detection of human manipulation actions},
  author={Pieropan, Alessandro and Salvi, Govind and Pauwels, Karl and Kjellstrom, Hedvig},
  booktitle={Intelligent Robots and Systems (IROS 2014), 2014 IEEE/RSJ International Conference on},
  pages={3045--3052},
  year={2014},
  organization={IEEE}
}

@inproceedings{perronnin2007fisher,
  title={Fisher kernels on visual vocabularies for image categorization},
  author={Perronnin, Florent and Dance, Christopher},
  booktitle={Computer Vision and Pattern Recognition, 2007. CVPR'07. IEEE Conference on},
  pages={1--8},
  year={2007},
  organization={IEEE}
}

@incollection{perronnin2010improving,
  title={Improving the fisher kernel for large-scale image classification},
  author={Perronnin, Florent and S{\'a}nchez, Jorge and Mensink, Thomas},
  booktitle={Computer Vision--ECCV 2010},
  pages={143--156},
  year={2010},
  publisher={Springer}
}

@inproceedings{wang2011action,
  title={Action recognition by dense trajectories},
  author={Wang, Heng and Kl{\"a}ser, Alexander and Schmid, Cordelia and Liu, Cheng-Lin},
  booktitle={Computer Vision and Pattern Recognition (CVPR), 2011 IEEE Conference on},
  pages={3169--3176},
  year={2011},
  organization={IEEE}
}

@inproceedings{wang2013action,
  title={Action recognition with improved trajectories},
  author={Wang, Heng and Schmid, Cordelia},
  booktitle={Computer Vision (ICCV), 2013 IEEE International Conference on},
  pages={3551--3558},
  year={2013},
  organization={IEEE}
}

@incollection{peng2014action,
  title={Action recognition with stacked fisher vectors},
  author={Peng, Xiaojiang and Zou, Changqing and Qiao, Yu and Peng, Qiang},
  booktitle={Computer Vision--ECCV 2014},
  pages={581--595},
  year={2014},
  publisher={Springer}
}



# NEURAL NETS

@inproceedings{simonyan2014two,
  title={Two-stream convolutional networks for action recognition in videos},
  author={Simonyan, Karen and Zisserman, Andrew},
  booktitle={Advances in Neural Information Processing Systems},
  pages={568--576},
  year={2014}
}

@inproceedings{karpathy2014large,
  title={Large-scale video classification with convolutional neural networks},
  author={Karpathy, Andrej and Toderici, George and Shetty, Sachin and Leung, Tommy and Sukthankar, Rahul and Fei-Fei, Li},
  booktitle={Computer Vision and Pattern Recognition (CVPR), 2014 IEEE Conference on},
  pages={1725--1732},
  year={2014},
  organization={IEEE}
}

@article{xu2014discriminative,
  title={A discriminative CNN video representation for event detection},
  author={Xu, Zhongwen and Yang, Yi and Hauptmann, Alexander G},
  journal={arXiv preprint arXiv:1411.4006},
  year={2014}
}

@article{simonyan2014very,
  title={Very deep convolutional networks for large-scale image recognition},
  author={Simonyan, Karen and Zisserman, Andrew},
  journal={arXiv preprint arXiv:1409.1556},
  year={2014}
}

@inproceedings{tompson2014joint,
  title={Joint training of a convolutional network and a graphical model for human pose estimation},
  author={Tompson, Jonathan J and Jain, Arjun and LeCun, Yann and Bregler, Christoph},
  booktitle={Advances in Neural Information Processing Systems},
  pages={1799--1807},
  year={2014}
}

@article{tompson2014real,
  title={Real-time continuous pose recovery of human hands using convolutional networks},
  author={Tompson, Jonathan and Stein, Murphy and Lecun, Yann and Perlin, Ken},
  journal={ACM Transactions on Graphics (TOG)},
  volume={33},
  number={5},
  pages={169},
  year={2014},
  publisher={ACM}
}